@INPROCEEDINGS{crosscutting,
  author={Marin, M. and Moonen, L. and van Deursen, A.},
  booktitle={21st IEEE International Conference on Software Maintenance (ICSM'05)}, 
  title={A classification of crosscutting concerns}, 
  year={2005},
  pages={673-676}
  }

  @online{google2005urchin,
  author       = {{Google Inc.}},
  title        = {Google Agrees To Acquire Urchin},
  url = {https://googlepress.blogspot.com/2005/03/google-agrees-to-acquire-urchin_28.html},
  year         = {2005},
  month        = mar,
  day          = {28}
}

@online{google_developers_sending_events,
  author       = {{Google LLC}},
  title        = {Measurement Protocol-Ereignisse an Google Analytics senden},
  url = {https://developers.google.com/analytics/devguides/collection/protocol/ga4/sending-events?hl=de&client_type=firebase},
  year         = {2025},
}

@book{weber2015practical,
  title={Practical google analytics and google tag manager for developers},
  author={Weber, Jonathan and LunaMetrics (Firm)},
  year={2015},
  publisher={Springer}
}

@online{opentelemetry_what_is,
  author       = {{OpenTelemetry Authors}},
  title        = {What is OpenTelemetry?},
  url = {https://opentelemetry.io/docs/what-is-opentelemetry/},
  year         = {2025},
}

@inproceedings{atterer2006knowing,
  title={Knowing the user's every move: user activity tracking for website usability evaluation and implicit interaction},
  author={Atterer, Richard and Wnuk, Monika and Schmidt, Albrecht},
  booktitle={Proceedings of the 15th international conference on World Wide Web},
  pages={203--212},
  year={2006}
}

@online{mdn2025_domevents,
  title        = {DOM events},
  author       = {{MDN contributors}},
  year         = {2025},
  month        = sep,
  url = {https://developer.mozilla.org/en-US/docs/Web/API/Document_Object_Model/Events},
}